@article {DG,
    AUTHOR = {Dimofte, Tudor and Garoufalidis, Stavros},
     TITLE = {The quantum content of the gluing equations},
   JOURNAL = {Geom. Topol.},
  FJOURNAL = {Geometry \& Topology},
    VOLUME = {17},
      YEAR = {2013},
    NUMBER = {3},
     PAGES = {1253--1315},
      ISSN = {1465-3060},
   MRCLASS = {57M25 (57N10 81T40)},
  MRNUMBER = {3073925},
       DOI = {10.2140/gt.2013.17.1253},
       URL = {http://dx.doi.org/10.2140/gt.2013.17.1253},
}

@article {Ga:arithmetic,
    AUTHOR = {Garoufalidis, Stavros},
     TITLE = {Chern-{S}imons theory, analytic continuation and arithmetic},
   JOURNAL = {Acta Math. Vietnam.},
  FJOURNAL = {Acta Mathematica Vietnamica},
    VOLUME = {33},
      YEAR = {2008},
    NUMBER = {3},
     PAGES = {335--362},
      ISSN = {0251-4184},
   MRCLASS = {58J28 (57M27)},
  MRNUMBER = {2501849 (2011c:58051)},
MRREVIEWER = {Hitoshi Murakami},
}

@Misc{GZ1,
    AUTHOR = {Garoufalidis, Stavros and Zagier, Don},
     TITLE = {Asymptotics of quantum knot invariants},
      NOTE = {Preprint 2013},
}

@article {Ga:ptolemy,
    AUTHOR = {Garoufalidis, Stavros and Goerner, Matthias 
             and Zickert, Christian K.},
     TITLE = {The {P}tolemy field of $3$-manifold-representations},
   JOURNAL = {Algebr. Geom. Topol.},
  FJOURNAL = {Algebraic \& Geometric Topology},
      YEAR = {2015},
      NOTE = {To appear}, 
    EPRINT = {arXiv:1401.5542},
}

@Misc{nloop-compute,
    AUTHOR = {Garoufalidis, Stavros and Sabo, Eric and Scott, Shane},
      NOTE = {\url{http://www.math.gatech.edu/~stavros/publications/nloop.data/index.html/}},
}

@article {Gu,
    AUTHOR = {Gukov, Sergei},
     TITLE = {Three-dimensional quantum gravity, {C}hern-{S}imons theory,
              and the {A}-polynomial},
   JOURNAL = {Comm. Math. Phys.},
  FJOURNAL = {Communications in Mathematical Physics},
    VOLUME = {255},
      YEAR = {2005},
    NUMBER = {3},
     PAGES = {577--627},
      ISSN = {0010-3616},
     CODEN = {CMPHAY},
   MRCLASS = {58J28 (57M27 57M50 81T13 83C45 83C80)},
  MRNUMBER = {2134725 (2006f:58029)},
MRREVIEWER = {Marcel L. Vonk},
       DOI = {10.1007/s00220-005-1312-y},
       URL = {http://dx.doi.org/10.1007/s00220-005-1312-y},
}

@article {Jones,
    AUTHOR = {Jones, V. F. R.},
     TITLE = {Hecke algebra representations of braid groups and link
              polynomials},
   JOURNAL = {Ann. of Math. (2)},
  FJOURNAL = {Annals of Mathematics. Second Series},
    VOLUME = {126},
      YEAR = {1987},
    NUMBER = {2},
     PAGES = {335--388},
      ISSN = {0003-486X},
     CODEN = {ANMAAH},
   MRCLASS = {46L99 (20F36 22D25 46L35 46L55 57M25)},
  MRNUMBER = {908150 (89c:46092)},
MRREVIEWER = {Pierre de la Harpe},
       DOI = {10.2307/1971403},
       URL = {http://dx.doi.org/10.2307/1971403},
}

@article {Kashaev95,
    AUTHOR = {Kashaev, Rinat M.},
     TITLE = {A link invariant from quantum dilogarithm},
   JOURNAL = {Modern Phys. Lett. A},
  FJOURNAL = {Modern Physics Letters A. Particles and Fields, Gravitation,
              Cosmology, Nuclear Physics},
    VOLUME = {10},
      YEAR = {1995},
    NUMBER = {19},
     PAGES = {1409--1418},
      ISSN = {0217-7323},
   MRCLASS = {81R50 (33D80 57M25)},
  MRNUMBER = {1341338 (96j:81060)},
MRREVIEWER = {Peter J. Forrester},
       DOI = {10.1142/S0217732395001526},
       URL = {http://dx.doi.org/10.1142/S0217732395001526},
}

@article {magma,
    AUTHOR = {Bosma, Wieb and Cannon, John and Playoust, Catherine},
     TITLE = {The {M}agma algebra system. {I}. {T}he user language},
      NOTE = {Computational algebra and number theory (London, 1993)},
   JOURNAL = {J. Symbolic Comput.},
  FJOURNAL = {Journal of Symbolic Computation},
    VOLUME = {24},
      YEAR = {1997},
    NUMBER = {3-4},
     PAGES = {235--265},
      ISSN = {0747-7171},
   MRCLASS = {68Q40},
  MRNUMBER = {MR1484478},
       DOI = {10.1006/jsco.1996.0125},
       URL = {http://dx.doi.org/10.1006/jsco.1996.0125},
}

@article {MM,
    AUTHOR = {Murakami, Hitoshi and Murakami, Jun},
     TITLE = {The colored {J}ones polynomials and the simplicial volume of a
              knot},
   JOURNAL = {Acta Math.},
  FJOURNAL = {Acta Mathematica},
    VOLUME = {186},
      YEAR = {2001},
    NUMBER = {1},
     PAGES = {85--104},
      ISSN = {0001-5962},
     CODEN = {ACMAA8},
   MRCLASS = {57M25 (33D80 57M27 81R50)},
  MRNUMBER = {1828373 (2002b:57005)},
MRREVIEWER = {Dmitrii V. Pasechnik},
       DOI = {10.1007/BF02392716},
       URL = {http://dx.doi.org/10.1007/BF02392716},
}

@article {NZ,
    AUTHOR = {Neumann, Walter D. and Zagier, Don},
     TITLE = {Volumes of hyperbolic three-manifolds},
   JOURNAL = {Topology},
  FJOURNAL = {Topology. An International Journal of Mathematics},
    VOLUME = {24},
      YEAR = {1985},
    NUMBER = {3},
     PAGES = {307--332},
      ISSN = {0040-9383},
     CODEN = {TPLGAF},
   MRCLASS = {57N10 (22E40 53C20)},
  MRNUMBER = {MR815482 (87j:57008)},
MRREVIEWER = {Troels J{\o}rgensen},
       DOI = {10.1016/0040-9383(85)90004-7},
       HURL = {http://dx.doi.org/10.1016/0040-9383(85)90004-7},
}

@Misc{snappy,
    AUTHOR = {Culler, Marc and Dunfield, Nathan M. and Weeks, Jeffery R.},
     TITLE = {{S}nap{P}y},
      NOTE = {\url{http://www.math.uic.edu/t3m/SnapPy}},
}

@article {suslin,
    AUTHOR = {Suslin, Andrei},
     TITLE = {{$K_3$} of a field, and the {B}loch group},
      NOTE = {Translated in Proc. Steklov Inst. Math. {{\bf{1}}991}, no. 4,
              217--239,
              Galois theory, rings, algebraic groups and their applications
              (Russian)},
   JOURNAL = {Trudy Mat. Inst. Steklov.},
  FJOURNAL = {Akademiya Nauk SSSR. Trudy Matematicheskogo Instituta imeni V.
              A. Steklova},
    VOLUME = {183},
      YEAR = {1990},
     PAGES = {180--199, 229},
      ISSN = {0371-9685},
   MRCLASS = {19D45 (11S70)},
  MRNUMBER = {1092031 (91k:19003)},
MRREVIEWER = {L. N. Vaserstein},
}

@book {Th,
    AUTHOR = {Thurston, William},
     TITLE = {The geometry and topology of 3-manifolds},
    SERIES = {Universitext},
 PUBLISHER = {Springer-Verlag},
   ADDRESS = {Berlin},
      YEAR = {1977},
      NOTE = {Lecture notes, Princeton},
}

@Misc{zi,
  AUTHOR   = {Zickert, Christian K.},
  TITLE    = {The extended {B}loch group and algebraic {K}-theory},
  YEAR     = {2009},
  NOTE     = {Preprint},
  EPRINT   = {arXiv:0910.4005},
}
